@Article{survey,
  author = 	 "A. Gatt and E. Krahmer",
  title = 	 "Survey of the State of the Art in Natural Language Generation: Core tasks, applications and evaluation",
  journal =	 "Journal of Artificial Intelligence Research",
  year =	 "2018",
  volume =	 "61",
  pages =	 "65--170"
}

@Article{pass,
  author = 	 "C. van der Lee and E. Krahmer and S. Wubben",
  title = 	 " Pass: A dutch data-to-text system for soccer, targeted towards specific audiences",
  journal =	 "Proc. INLGâ€™17",
  year =	 "2017",
  pages =	 "95--104"
}